%ECal nim paper
@article{Balossino:2016nly,
      author         = "Balossino, I. and others",
      title          = "{The HPS electromagnetic calorimeter}",
      collaboration  = "HPS",
      journal        = "Nucl. Instrum. Meth.",
      volume         = "A854",
      year           = "2017",
      pages          = "89-99",
      doi            = "10.1016/j.nima.2017.02.065",
      eprint         = "1610.04319",
      archivePrefix  = "arXiv",
      primaryClass   = "physics.ins-det",
      reportNumber   = "JLAB-PHY-16-2374",
      SLACcitation   = "%%CITATION = ARXIV:1610.04319;%%"
}



@inproceedings{Adrian:2015hst,
      author         = "Hansson Adrian, Per",
      title          = "{The Silicon Vertex Tracker for the Heavy Photon Search
                        Experiment}",
      booktitle      = "{Proceedings, 2015 IEEE Nuclear Science Symposium and
                        Medical Imaging Conference (NSS/MIC 2015): San Diego,
                        California, United States}",
      collaboration  = "HPS",
      year           = "2016",
      
      pages          = "7581862",
      doi            = "10.1109/NSSMIC.2015.7581862",
      eprint         = "1511.07844",
      archivePrefix  = "arXiv",
      primaryClass   = "physics.ins-det",
      SLACcitation   = "%%CITATION = ARXIV:1511.07844;%%"
}

%self-interactions for core-cusp problems.
@article{Vogelsberger:2012ku,
      author         = "Vogelsberger, Mark and Zavala, Jesus and Loeb, Abraham",
      title          = "{Subhaloes in Self-Interacting Galactic Dark Matter
                        Haloes}",
      journal        = "Mon. Not. Roy. Astron. Soc.",
      volume         = "423",
      year           = "2012",
      pages          = "3740",
      doi            = "10.1111/j.1365-2966.2012.21182.x",
      eprint         = "1201.5892",
      archivePrefix  = "arXiv",
      primaryClass   = "astro-ph.CO",
      SLACcitation   = "%%CITATION = ARXIV:1201.5892;%%"
}

% dark matter annihilation
@article{Finkbeiner:2010sm,
      author         = "Finkbeiner, Douglas P. and Goodenough, Lisa and Slatyer,
                        Tracy R. and Vogelsberger, Mark and Weiner, Neal",
      title          = "{Consistent Scenarios for Cosmic-Ray Excesses from
                        Sommerfeld-Enhanced Dark Matter Annihilation}",
      journal        = "JCAP",
      volume         = "1105",
      year           = "2011",
      pages          = "002",
      doi            = "10.1088/1475-7516/2011/05/002",
      eprint         = "1011.3082",
      archivePrefix  = "arXiv",
      primaryClass   = "hep-ph",
      SLACcitation   = "%%CITATION = ARXIV:1011.3082;%%"
}
